0000026012330005        12298862  KRS LOGISTICS SPRL        BBRUBEBB   00432308412 00000                                       2
12021BE75363112201051                  EUR0000000016300110250123KRS LOGISTICS SPRL        Compte à vue                       021
21000100003662601017121000441  1000000000815310260123001010001101730115040982                                      26012302101 0
2200010000                                                     NOTPROVIDED                        GEBABEBB                   1 0
2300010000BE82210000088968                  EURPROXIMUS                                                                      0 1
31000100013662601017121000441  001010001001PROXIMUS                                                                          0 0
21000200003662601017122000442  1000000000148800260123001010001101052323210136                                      26012302101 0
2200020000                                                     NOTPROVIDED                        BBRUBEBB                   1 0
2300020000BE78310113975086                  EURSECUREX INTEGRITY                                                             0 1
31000200013662601017122000442  001010001001SECUREX INTEGRITY                                                                 0 0
2100030000I260735032031000443  0000000000302500260123001500000Virement en euros (SEPA)                             26012302101 0
2200030000          + 302,50De: SA ICARUS - BE79240081900033   202301251124423353ISABEL           GEBABEBB                   1 0
2300030000BE79240081900033                  EURSA ICARUS                                                                     0 1
3100030001I260735032031000443  001500001001SA ICARUS                                                                         1 0
3200030001Rue des Alouettes 100              4041 HERSTAL                                                                    0 1
3100030002I260735032031000443  001500000Virement en euros (SEPA) De: SA ICARUS Rue des Alouettes 100 4041 HERSTAL            0 1
3100030003I260735032031000443  001500000 Belgique IBAN: BE79240081900033 Info personnelle: 202301251124423353ISAB            0 1
3100030004I260735032031000443  001500000EL                                                                                   0 1
3100030005I260735032031000443  001500000Info personnelle: 202301251124423353ISABEL                                           0 0
2100040000I260753132904000444  00000000044467502601230015000002022-12-13196+13189+13343+13276+13101+13232+13479    26012302101 0
2200040000                                                     202301251443131391ISABEL           KREDBEBB                   1 0
2300040000BE22733060520047                  EURPICART + BEER SA                                                              0 1
3100040001I260753132904000444  001500001001PICART + BEER SA                                                                  1 0
3200040001AVENUE DE TERVUEREN  365           1150    WOLUWE-SAINT-PIERRE                                                     0 1
3100040002I260753132904000444  001500000Virement en euros (SEPA) De: PICART + BEER SA AVENUE DE TERVUEREN 365 115            0 1
3100040003I260753132904000444  0015000000 WOLUWE-SAINT-PIERRE Belgique IBAN: BE22733060520047 Communication : 202            0 1
3100040004I260753132904000444  0015000002-12-13196+13189+13343+13276+13101+13232+13479 Info personnelle: 20230125            0 1
3100040005I260753132904000444  0015000001443131391ISABEL                                                                     0 1
3100040006I260753132904000444  001500000Communication: 2022-12-13196+13189+13343+13276+13101+13232+13479 Info per            0 1
3100040007I260753132904000444  001500000sonnelle: 202301251443131391ISABEL                                                   0 0
2100050000I260803231425000445  00000000002722502601230015000002022-12-13548                                        26012302101 0
2200050000                                                     NOTPROVIDED                        GEBABEBB                   1 0
2300050000BE65240037363996                  EURTRANSPORT G. BANEUX SA                                                        0 1
3100050001I260803231425000445  001500001001TRANSPORT G. BANEUX SA                                                            1 0
3200050001Rue du Chesnay 1                   4690 ROCLENGE-SUR-GEER                                                          0 1
3100050002I260803231425000445  001500000Virement en euros (SEPA) De: TRANSPORT G. BANEUX SA Rue du Chesnay 1 4690            0 1
3100050003I260803231425000445  001500000 ROCLENGE-SUR-GEER Belgique IBAN: BE65240037363996 Communication : 2022-1            0 1
3100050004I260803231425000445  0015000002-13548                                                                              0 1
3100050005I260803231425000445  001500000Communication: 2022-12-13548                                                         0 0
210006000088958ce34c304000446  0000000000544500260123001500000/OBO/ DHL Global Match (Belgium)N.V./INV/2022-12-135426012302101 0
22000600000/2022-12-13540, 30.12.2022                          2301497194                         BBRUBEBB                   1 0
2300060000BE32310169828902                  EURDEUTSCHE POST AGABT. GENERAL LEDGER                                           0 1
310006000188958ce34c304000446  001500001001DEUTSCHE POST AGABT. GENERAL LEDGER                                               1 0
320006000153113 Bonn DE                                                                                                      0 1
310006000288958ce34c304000446  001500000Virement en euros (SEPA) De: DEUTSCHE POST AGABT. GENERAL LEDGER 53113 Bo            0 1
310006000388958ce34c304000446  001500000nn DE Allemagne IBAN: BE32310169828902 Donneur d'ordre final : DHL Global            0 1
310006000488958ce34c304000446  001500000 Match (Belgium) N.V. Communication : /OBO/ DHL Global Match (Belgium)N.V            0 1
310006000588958ce34c304000446  001500000./INV/2022-12-13540/2022-12-13540, 30.12.2022 Info personnelle: 230149719            0 1
310006000688958ce34c304000446  0015000004                                                                                    0 1
310006000788958ce34c304000446  001500001009DHL Global Match (Belgium) N.V.                                                   0 1
310006000888958ce34c304000446  001500000Communication: /OBO/ DHL Global Match (Belgium)N.V./INV/2022-1... Info pe            0 1
310006000988958ce34c304000446  001500000rsonnelle: 2301497194                                                                0 0
2100070000I260904251609000447  00000000003750002601230015000002022-11-12196                                        26012302101 0
2200070000                                                     202301241702427287MULTI            BGLLLULL                   1 0
2300070000LU690030217994690000                 KYOTEC LUXEMBOURG S.A R.L.                                                    0 1
3100070001I260904251609000447  001500001001KYOTEC LUXEMBOURG S.A R.L.                                                        1 0
320007000128 ZAC DU KLENGBOUSBIERG BISSEN-779                                                                                0 1
3100070002I260904251609000447  001500000Virement en euros (SEPA) De: KYOTEC LUXEMBOURG S.A R.L. 28 ZAC DU KLENGBO            0 1
3100070003I260904251609000447  001500000USBIERG BISSEN-7795 Luxembourg IBAN: LU690030217994690000 Communication :            0 1
3100070004I260904251609000447  001500000 2022-11-12196 Info personnelle: 202301241702427287MULTI                             0 1
3100070005I260904251609000447  001500000Communication: 2022-11-12196 Info personnelle: 202301241702427287MULTI               0 0
2100080000I260904254944000448  00000000003250002601230015000002022-12-13489                                        26012302101 0
2200080000                                                     223ASP09721                        BNPADEFF               SUPP1 0
2300080000DE59370106001094001157               JACQUET DEUTSCHLAND GMBH                                                      0 1
3100080001I260904254944000448  001500001001JACQUET DEUTSCHLAND GMBH                                                          1 0
3200080001BAHNSTRASSE 38 44793 BOCHUM                                                                                        0 1
3100080002I260904254944000448  001500000Virement en euros (SEPA) De: JACQUET DEUTSCHLAND GMBH BAHNSTRASSE 38 4479            0 1
3100080003I260904254944000448  0015000003 BOCHUM Allemagne IBAN: DE59370106001094001157 Communication : 2022-12-1            0 1
3100080004I260904254944000448  0015000003489 Info personnelle: 223ASP09721 Nature du paiement : Commercial-Suppli            0 1
3100080005I260904254944000448  001500000erPayment                                                                            0 1
3100080006I260904254944000448  001500000Communication: 2022-12-13489 Info personnelle: 223ASP09721                           0 0
2100090000I260905258877000449  00000000051511102601230015000002022-12-612 2022-12-13381 2022-12-13377 2022-12-1340826012302101 0
2200090000 2022-12-13411                                       112-1470-44-600701                 ABNANL2A                   1 0
2300090000NL41ABNA0830352414                   BROEKMAN LOGISTICS BV                                                         0 1
3100090001I260905258877000449  001500001001BROEKMAN LOGISTICS BV                                                             0 1
3100090002I260905258877000449  001500000Virement en euros (SEPA) De: BROEKMAN LOGISTICS BV Pays-Bas IBAN: NL41ABN            0 1
3100090003I260905258877000449  001500000A0830352414 Communication : 2022-12-612 2022-12-13381 2022-12-13377 2022-            0 1
3100090004I260905258877000449  00150000012-13408 2022-12-13411 Info personnelle: 112-1470-44-600701                          0 1
3100090005I260905258877000449  001500000Communication: 2022-12-612 2022-12-13381 2022-12-13377 2022-12... Info pe            0 1
3100090006I260905258877000449  001500000rsonnelle: 112-1470-44-600701                                                        0 0
21001000003662601652719000450  00000000015300002601230015000002022-12-13297+13298                                  26012302101 0
2200100000                                                     202301260840101740ISABEL           BBRUBEBB                   1 0
2300100000BE98340033858593                  EURSNEL GRAFICS SA                                                               0 1
31001000013662601652719000450  001500001001SNEL GRAFICS SA                                                                   1 0
3200100001R DU FOND DES FOURCHES 21          4041        VOTTEM                                                              0 1
31001000023662601652719000450  001500000Virement en euros (SEPA) De: SNEL GRAFICS SA R DU FOND DES FOURCHES 21 40            0 1
31001000033662601652719000450  00150000041 VOTTEM Belgique IBAN: BE98340033858593 Communication : 2022-12-13297+1            0 1
31001000043662601652719000450  0015000003298 Info personnelle: 202301260840101740ISABEL                                      0 1
31001000053662601652719000450  001500000Communication: 2022-12-13297+13298 Info personnelle: 202301260840101740IS            0 1
31001000063662601652719000450  001500000ABEL                                                                                 0 0
2100110000310N016694063000451  1000000023000000260123001010000Virement en euros (SEPA) Business'Bank On-line       26012302101 0
2200110000       - 23.000,00Vers: KRS logistics - BE37732025935NOT PROVIDED                                                  1 0
2300110000BE37732025935528                  EURKRS logistics                      528                                        0 1
3100110001310N016694063000451  001010001001KRS logistics                                                                     0 0
2100120000310N016695325000452  1000000003145800260123001010001101731502043073                                      26012302101 0
2200120000                                                     NOT PROVIDED                                                  1 0
2300120000BE47001657146380                  EURedenred                                                                       0 1
3100120001310N016695325000452  001010001001edenred                                                                           0 0
21001300003772601690327000453  00000000024750002601230015000002023-01-00225                                        26012302101 0
2200130000                                                     00002469                           BBRUBEBB                   1 0
2300130000BE40363170159763                  EURADVAGREEN SA                                                                  0 1
31001300013772601690327000453  001500001001ADVAGREEN SA                                                                      1 0
3200130001ROUTE DE WALLONIE                  7334        HAUTRAGE                                                            0 1
31001300023772601690327000453  001500000Virement en euros (SEPA) De: ADVAGREEN SA ROUTE DE WALLONIE 7334 HAUTRAGE            0 1
31001300033772601690327000453  001500000 Belgique IBAN: BE40363170159763 Communication : 2023-01-00225 Info perso            0 1
31001300043772601690327000453  001500000nnelle: 00002469                                                                     0 1
31001300053772601690327000453  001500000Communication: 2023-01-00225 Info personnelle: 00002469                              0 0
21001400001093810200009000454  00000000002601502601230015000002022-12-13227                                        26012302101 0
2200140000                                                     10283                              BBRUBEBB                   1 0
2300140000BE07320064271866                  EURKEESTRACK NV                                                                  0 1
31001400011093810200009000454  001500001001KEESTRACK NV                                                                      1 0
3200140001TAUNUSWEG 2                        3740        BEVERST                                                             0 1
31001400021093810200009000454  001500000Virement en euros (SEPA) De: KEESTRACK NV TAUNUSWEG 2 3740 BEVERST Belgiq            0 1
31001400031093810200009000454  001500000ue IBAN: BE07320064271866 Communication : 2022-12-13227 Info personnelle:            0 1
31001400041093810200009000454  001500000 10283                                                                               0 1
31001400051093810200009000454  001500000Communication: 2022-12-13227 Info personnelle: 10283                                 0 0
2100150000310N016709742000455  1000000000063020260123001010001101330004219756                                      26012302101 0
2200150000                                                     NOT PROVIDED                                                  1 0
2300150000BE34679200362590                  EURamandes routiers                                                              0 1
3100150001310N016709742000455  001010001001amandes routiers                                                                  0 0
2100160000310N016709743000456  1000000000063020260123001010001101330004222988                                      26012302101 0
2200160000                                                     NOT PROVIDED                                                  1 0
2300160000BE34679200362590                  EURamandes routiers                                                              0 1
3100160001310N016709743000456  001010001001amandes routiers                                                                  0 0
2100170000310N016709745000457  100000000123608026012300101000020230042                                             26012302101 0
2200170000                                                     NOT PROVIDED                                                  1 0
2300170000BE37363115254228                  EURSCE gestion sociale                                                           0 1
3100170001310N016709745000457  001010001001SCE gestion sociale                                                               0 0
2100180000I261132300184000458  00000000261200002601230015000002022-11-565- 2022-11-566- 2022-12-12501- 2022-12-126826012302101 0
22001800008- 2022-12-12689-  2022-12-12811- 2022-12-12935- 2022TMSRFT124006XXXX                   DEUTGB2L                   1 0
2300180000GB71DEUT40508123386700               TRAXYS EUROPE S A                   -12-12968- 2022-                          0 1
3100180001I261132300184000458  001500001001TRAXYS EUROPE S A                                                                 1 0
32001800012ND FLOOR,19 21 ROUTE D ARLONIMMEUBSTRASSEN L 8009,LUXEMBOURG.. REOPEN                                             0 1
3100180002I261132300184000458  001500000Virement en euros (SEPA) De: TRAXYS EUROPE S A 2ND FLOOR,19 21 ROUTE D AR            0 1
3100180003I261132300184000458  001500000LONIMMEUBLE SERENITY,BATIMENTS C D STRASSEN L 8009,LUXEMBOURG.. REOPENED             0 1
3100180004I261132300184000458  001500000ON 24/01/2014 AP Luxembourg IBAN: GB71DEUT40508123386700 Communication :             0 1
3100180005I261132300184000458  0015000002022-11-565- 2022-11-566- 2022-12-12501- 2022-12-12688- 2022-12-12689- 20            0 1
3100180006I261132300184000458  00150000022-12-12811- 2022-12-12935- 2022 -12-12968- 2022- Info personnelle: TMSRF            0 1
3100180007I261132300184000458  001500000T124006XXXX                                                                          0 1
3100180008I261132300184000458  001500000Communication: 2022-11-565- 2022-11-566- 2022-12-12501- 2022-1... Info pe            0 1
3100180009I261132300184000458  001500000rsonnelle: TMSRFT124006XXXX                                                          0 0
2100190000I261133301931000459  0000000004540000260123001500000Facture 2023-01-00267                                26012302101 0
2200190000                                                     NOTPROVIDED                        WELADED1BOT                1 0
2300190000DE98424512200000052746               ASHTI CHEIKHMOUS                                                              0 1
3100190001I261133301931000459  001500001001ASHTI CHEIKHMOUS                                                                  0 1
3100190002I261133301931000459  001500000Virement en euros (SEPA) De: ASHTI CHEIKHMOUS IBAN: DE9842451220000005274            0 1
3100190003I261133301931000459  0015000006 Communication : Facture 2023-01-00267                                              0 1
3100190004I261133301931000459  001500000Communication: Facture 2023-01-00267                                                 0 0
2100200000I261147311435000460  00000000052635002601230015000002022-12-13296/2022-12-13295/2022-12-13294/2022-12-13326012302101 0
220020000041/EUR 1089.00/EUR 1694.00/EUR 786.50/EUR 1694.00/202537051                             KREDBEBB                   1 0
2300200000BE11734040811848                  EURVILOFOSS BENELUX SRL               2-12-23/2022-12-23/2022-12-23/2022         0 1
3100200001I261147311435000460  001500001001VILOFOSS BENELUX SRL                                                              1 0
3200200001RUE DE LA METALLURGIE16            4530    VILLERS-LE-BOUILLET                                                     0 1
3100200002I261147311435000460  001500000Virement en euros (SEPA) De: VILOFOSS BENELUX SRL RUE DE LA METALLURGIE16            0 1
3100200003I261147311435000460  001500000 4530 VILLERS-LE-BOUILLET Belgique IBAN: BE11734040811848 Communication :            0 1
3100200004I261147311435000460  001500000 2022-12-13296/2022-12-13295/2022-12-13294/2022-12-13341/EUR 1089.00/EU R            0 1
3100200005I261147311435000460  001500000 1694.00/EUR 786.50/EUR 1694.00/2022-12-23/2022-12-23/2022-12-23/2022Info            0 1
3100200006I261147311435000460  001500000 personnelle: 537051                                                                 0 1
3100200007I261147311435000460  001500000Communication: 2022-12-13296/2022-12-13295/2022-12-13294/2022-... Info pe            0 1
3100200008I261147311435000460  001500000rsonnelle: 537051                                                                    0 0
2100210000I261149319155000461  0000000009637650260123001500000221213422                                            26012302101 0
2200210000                                                     2301024-CNR-49705-0045             CREGBEBB                   1 0
2300210000BE14196028540283                  EURBRUNSWICK MARINE IN EMEA,LLC                                                  0 1
3100210001I261149319155000461  001500001001BRUNSWICK MARINE IN EMEA,LLC                                                      1 0
3200210001PL. DE PETIT-RECHAIN 1             4800    PETIT-RECHAIN                                                           0 1
3100210002I261149319155000461  001500000Virement en euros (SEPA) De: BRUNSWICK MARINE IN EMEA,LLC PL. DE PETIT-RE            0 1
3100210003I261149319155000461  001500000CHAIN 1 4800 PETIT-RECHAIN Belgique IBAN: BE14196028540283 Communication             0 1
3100210004I261149319155000461  001500000: 221213422 Info personnelle: 2301024-CNR-49705-0045                                 0 1
3100210005I261149319155000461  001500000Communication: 221213422 Info personnelle: 2301024-CNR-49705-0045                    0 0
2100220000310N016773199000462  1000000005000000260123001010000C/C                                                  26012302101 0
2200220000                                                     NOT PROVIDED                                                  1 0
2300220000BE87363074511194                  EURMr Thierry DARIO                                                              0 1
3100220001310N016773199000462  001010001001Mr Thierry DARIO                                                                  0 0
2100230000310N016773201000463  1000000005000000260123001010000C/C                                                  26012302101 0
2200230000                                                     NOT PROVIDED                                                  1 0
2300230000BE73363016686060                  EURMr Jean-Michel Aimeblanc                                                      0 1
3100230001310N016773201000463  001010001001Mr Jean-Michel Aimeblanc                                                          0 0
2100240000310I067195411000464  0000000000526350260123002500000FACTURE 2022-12-12625                                26012302101 0
2200240000                                                     NOTPROVIDED                        CREGBEBBXXX                1 0
2300240000BE17732014915621                  EURASIA EUROPE TRADE CO SA                                                       0 1
3100240001310I067195411000464  002500001001ASIA EUROPE TRADE CO SA                                                           1 0
3200240001RUE DE ROTTERDAM     25            4000     LIEGE                                                                  0 1
3100240002310I067195411000464  002500000Virement instantané en euros Instantané le 26/01 - 16:09:01 De: ASIA EURO            0 1
3100240003310I067195411000464  002500000PE TRADE CO SA RUE DE ROTTERDAM 25 4000 LIEGE Belgique IBAN: BE1773201491            0 1
3100240004310I067195411000464  0025000005621 Communication : FACTURE 2022-12-12625                                           0 1
3100240005310I067195411000464  002500000Instantané le 26/01 - 16:09:01 Communication: FACTURE 2022-12-12625                  0 0
2100250000310N016827083000465  1000000030000000260123001010000Virement en euros (SEPA) Business'Bank On-line       26012302101 0
2200250000       - 30.000,00Vers: KRS logistics - BE37732025935NOT PROVIDED                                                  1 0
2300250000BE37732025935528                  EURKRS logistics                      528                                        0 1
3100250001310N016827083000465  001010001001KRS logistics                                                                     0 0
2100260000310I067197792000466  0000000007901000260123002500000MULTI-INVOICES                                       26012302101 0
2200260000                                                     NOTPROVIDED                        CREGBEBBXXX                1 0
2300260000BE05196029645275                  EURNORDITUBE TECHNOLOGIES SE SE                                                  0 1
3100260001310I067197792000466  002500001001NORDITUBE TECHNOLOGIES SE SE                                                      1 0
3200260001BD ERNEST SOLVAY     181           4000     LIEGE                                                                  0 1
3100260002310I067197792000466  002500000Virement instantané en euros Instantané le 26/01 - 16:35:38 De: NORDITUBE            0 1
3100260003310I067197792000466  002500000 TECHNOLOGIES SE SE BD ERNEST SOLVAY 181 4000 LIEGE Belgique IBAN: BE0519            0 1
3100260004310I067197792000466  0025000006029645275 Communication : MULTI-INVOICES                                            0 1
3100260005310I067197792000466  002500000Instantané le 26/01 - 16:35:38 Communication: MULTI-INVOICES                         0 0
8021BE75363112201051                  EUR0000000017498840260123                                                                0
9               000199000000068472030000000069670760                                                                           2
